%YAML 1.1
%TAG !u! tag:unity3d.com,2011:
--- !u!1 &1948186938615070466
GameObject:
  m_ObjectHideFlags: 0
  m_CorrespondingSourceObject: {fileID: 0}
  m_PrefabInstance: {fileID: 0}
  m_PrefabAsset: {fileID: 0}
  serializedVersion: 6
  m_Component:
  - component: {fileID: 6104324182404888659}
  - component: {fileID: 2847677848457567479}
  m_Layer: 0
  m_Name: Sprite
  m_TagString: Untagged
  m_Icon: {fileID: 0}
  m_NavMeshLayer: 0
  m_StaticEditorFlags: 0
  m_IsActive: 1
--- !u!4 &6104324182404888659
Transform:
  m_ObjectHideFlags: 0
  m_CorrespondingSourceObject: {fileID: 0}
  m_PrefabInstance: {fileID: 0}
  m_PrefabAsset: {fileID: 0}
  m_GameObject: {fileID: 1948186938615070466}
  m_LocalRotation: {x: 0, y: 0, z: 0, w: 1}
  m_LocalPosition: {x: 0, y: 0, z: 0}
  m_LocalScale: {x: 1, y: 1, z: 1}
  m_Children: []
  m_Father: {fileID: 8748097263895725900}
  m_RootOrder: 0
  m_LocalEulerAnglesHint: {x: 0, y: 0, z: 0}
--- !u!212 &2847677848457567479
SpriteRenderer:
  m_ObjectHideFlags: 0
  m_CorrespondingSourceObject: {fileID: 0}
  m_PrefabInstance: {fileID: 0}
  m_PrefabAsset: {fileID: 0}
  m_GameObject: {fileID: 1948186938615070466}
  m_Enabled: 1
  m_CastShadows: 0
  m_ReceiveShadows: 0
  m_DynamicOccludee: 1
  m_MotionVectors: 1
  m_LightProbeUsage: 1
  m_ReflectionProbeUsage: 1
  m_RenderingLayerMask: 1
  m_RendererPriority: 0
  m_Materials:
  - {fileID: 10754, guid: 0000000000000000f000000000000000, type: 0}
  m_StaticBatchInfo:
    firstSubMesh: 0
    subMeshCount: 0
  m_StaticBatchRoot: {fileID: 0}
  m_ProbeAnchor: {fileID: 0}
  m_LightProbeVolumeOverride: {fileID: 0}
  m_ScaleInLightmap: 1
  m_ReceiveGI: 1
  m_PreserveUVs: 0
  m_IgnoreNormalsForChartDetection: 0
  m_ImportantGI: 0
  m_StitchLightmapSeams: 1
  m_SelectedEditorRenderState: 0
  m_MinimumChartSize: 4
  m_AutoUVMaxDistance: 0.5
  m_AutoUVMaxAngle: 89
  m_LightmapParameters: {fileID: 0}
  m_SortingLayerID: 0
  m_SortingLayer: 0
  m_SortingOrder: 1
  m_Sprite: {fileID: 21300000, guid: 2b08461628278df4196fff9ca2df6781, type: 3}
  m_Color: {r: 1, g: 1, b: 1, a: 1}
  m_FlipX: 0
  m_FlipY: 0
  m_DrawMode: 0
  m_Size: {x: 0.2, y: 0.2}
  m_AdaptiveModeThreshold: 0.5
  m_SpriteTileMode: 0
  m_WasSpriteAssigned: 1
  m_MaskInteraction: 0
  m_SpriteSortPoint: 0
--- !u!1 &3992972333363946280
GameObject:
  m_ObjectHideFlags: 0
  m_CorrespondingSourceObject: {fileID: 0}
  m_PrefabInstance: {fileID: 0}
  m_PrefabAsset: {fileID: 0}
  serializedVersion: 6
  m_Component:
  - component: {fileID: 1741643079571874823}
  - component: {fileID: 8717886306136600079}
  m_Layer: 0
  m_Name: Collider_1
  m_TagString: Untagged
  m_Icon: {fileID: 0}
  m_NavMeshLayer: 0
  m_StaticEditorFlags: 0
  m_IsActive: 0
--- !u!4 &1741643079571874823
Transform:
  m_ObjectHideFlags: 0
  m_CorrespondingSourceObject: {fileID: 0}
  m_PrefabInstance: {fileID: 0}
  m_PrefabAsset: {fileID: 0}
  m_GameObject: {fileID: 3992972333363946280}
  m_LocalRotation: {x: 0, y: 0, z: 0, w: 1}
  m_LocalPosition: {x: 0, y: 0, z: 0}
  m_LocalScale: {x: 1, y: 1, z: 1}
  m_Children: []
  m_Father: {fileID: 8748097263895725900}
  m_RootOrder: 2
  m_LocalEulerAnglesHint: {x: 0, y: 0, z: 0}
--- !u!60 &8717886306136600079
PolygonCollider2D:
  m_ObjectHideFlags: 0
  m_CorrespondingSourceObject: {fileID: 0}
  m_PrefabInstance: {fileID: 0}
  m_PrefabAsset: {fileID: 0}
  m_GameObject: {fileID: 3992972333363946280}
  m_Enabled: 1
  m_Density: 1
  m_Material: {fileID: 0}
  m_IsTrigger: 0
  m_UsedByEffector: 0
  m_UsedByComposite: 0
  m_Offset: {x: 0, y: 0}
  m_SpriteTilingProperty:
    border: {x: 0, y: 0, z: 0, w: 0}
    pivot: {x: 0.5, y: 0.5}
    oldSize: {x: 1, y: 1}
    newSize: {x: 0.2, y: 0.2}
    adaptiveTilingThreshold: 0.5
    drawMode: 0
    adaptiveTiling: 0
  m_AutoTiling: 0
  m_Points:
    m_Paths:
    - - {x: 0.3359375, y: 0.2890625}
      - {x: 0.2890625, y: 0.3203125}
      - {x: 0.1015625, y: 0.3203125}
      - {x: -0.3203125, y: 0.203125}
      - {x: -0.46875, y: -0.0078125}
      - {x: -0.46875, y: -0.1015625}
      - {x: -0.3125, y: -0.2578125}
      - {x: -0.2265625, y: -0.28125}
      - {x: -0.1171875, y: -0.234375}
      - {x: -0.046875, y: -0.3203125}
      - {x: 0.0859375, y: -0.359375}
      - {x: 0.2890625, y: -0.359375}
      - {x: 0.4375, y: -0.2109375}
      - {x: 0.46875, y: -0.109375}
      - {x: 0.46875, y: 0.0703125}
--- !u!1 &4052095174043110751
GameObject:
  m_ObjectHideFlags: 0
  m_CorrespondingSourceObject: {fileID: 0}
  m_PrefabInstance: {fileID: 0}
  m_PrefabAsset: {fileID: 0}
  serializedVersion: 6
  m_Component:
  - component: {fileID: 5206975199158285063}
  - component: {fileID: 8786548650443049847}
  m_Layer: 0
  m_Name: Collider_4
  m_TagString: Untagged
  m_Icon: {fileID: 0}
  m_NavMeshLayer: 0
  m_StaticEditorFlags: 0
  m_IsActive: 0
--- !u!4 &5206975199158285063
Transform:
  m_ObjectHideFlags: 0
  m_CorrespondingSourceObject: {fileID: 0}
  m_PrefabInstance: {fileID: 0}
  m_PrefabAsset: {fileID: 0}
  m_GameObject: {fileID: 4052095174043110751}
  m_LocalRotation: {x: 0, y: 0, z: 0, w: 1}
  m_LocalPosition: {x: 0, y: 0, z: 0}
  m_LocalScale: {x: 1, y: 1, z: 1}
  m_Children: []
  m_Father: {fileID: 8748097263895725900}
  m_RootOrder: 5
  m_LocalEulerAnglesHint: {x: 0, y: 0, z: 0}
--- !u!60 &8786548650443049847
PolygonCollider2D:
  m_ObjectHideFlags: 0
  m_CorrespondingSourceObject: {fileID: 0}
  m_PrefabInstance: {fileID: 0}
  m_PrefabAsset: {fileID: 0}
  m_GameObject: {fileID: 4052095174043110751}
  m_Enabled: 1
  m_Density: 1
  m_Material: {fileID: 0}
  m_IsTrigger: 0
  m_UsedByEffector: 0
  m_UsedByComposite: 0
  m_Offset: {x: 0, y: 0}
  m_SpriteTilingProperty:
    border: {x: 0, y: 0, z: 0, w: 0}
    pivot: {x: 0.5, y: 0.5}
    oldSize: {x: 1, y: 1}
    newSize: {x: 0.2, y: 0.2}
    adaptiveTilingThreshold: 0.5
    drawMode: 0
    adaptiveTiling: 0
  m_AutoTiling: 0
  m_Points:
    m_Paths:
    - - {x: 0.4765625, y: -0.0546875}
      - {x: 0.4765625, y: 0.109375}
      - {x: 0.3984375, y: 0.1796875}
      - {x: 0.2265625, y: 0.2734375}
      - {x: 0.15625, y: 0.296875}
      - {x: -0.0625, y: 0.296875}
      - {x: -0.109375, y: 0.2578125}
      - {x: -0.203125, y: 0.2265625}
      - {x: -0.28125, y: 0.234375}
      - {x: -0.4765625, y: 0.0703125}
      - {x: -0.4765625, y: -0.046875}
      - {x: -0.46875, y: -0.0625}
      - {x: -0.3125, y: -0.203125}
      - {x: -0.1953125, y: -0.2265625}
      - {x: -0.1015625, y: -0.2265625}
      - {x: -0.0234375, y: -0.3125}
      - {x: 0.03125, y: -0.3125}
      - {x: 0.09375, y: -0.28125}
      - {x: 0.1796875, y: -0.2109375}
      - {x: 0.3515625, y: -0.2109375}
      - {x: 0.46875, y: -0.140625}
--- !u!1 &6878985498153655098
GameObject:
  m_ObjectHideFlags: 0
  m_CorrespondingSourceObject: {fileID: 0}
  m_PrefabInstance: {fileID: 0}
  m_PrefabAsset: {fileID: 0}
  serializedVersion: 6
  m_Component:
  - component: {fileID: 2048805079402338118}
  - component: {fileID: 2420067776846119272}
  m_Layer: 0
  m_Name: Collider_2
  m_TagString: Untagged
  m_Icon: {fileID: 0}
  m_NavMeshLayer: 0
  m_StaticEditorFlags: 0
  m_IsActive: 0
--- !u!4 &2048805079402338118
Transform:
  m_ObjectHideFlags: 0
  m_CorrespondingSourceObject: {fileID: 0}
  m_PrefabInstance: {fileID: 0}
  m_PrefabAsset: {fileID: 0}
  m_GameObject: {fileID: 6878985498153655098}
  m_LocalRotation: {x: 0, y: 0, z: 0, w: 1}
  m_LocalPosition: {x: 0, y: 0, z: 0}
  m_LocalScale: {x: 1, y: 1, z: 1}
  m_Children: []
  m_Father: {fileID: 8748097263895725900}
  m_RootOrder: 3
  m_LocalEulerAnglesHint: {x: 0, y: 0, z: 0}
--- !u!60 &2420067776846119272
PolygonCollider2D:
  m_ObjectHideFlags: 0
  m_CorrespondingSourceObject: {fileID: 0}
  m_PrefabInstance: {fileID: 0}
  m_PrefabAsset: {fileID: 0}
  m_GameObject: {fileID: 6878985498153655098}
  m_Enabled: 1
  m_Density: 1
  m_Material: {fileID: 0}
  m_IsTrigger: 0
  m_UsedByEffector: 0
  m_UsedByComposite: 0
  m_Offset: {x: 0, y: 0}
  m_SpriteTilingProperty:
    border: {x: 0, y: 0, z: 0, w: 0}
    pivot: {x: 0.5, y: 0.5}
    oldSize: {x: 1, y: 1}
    newSize: {x: 0.2, y: 0.2}
    adaptiveTilingThreshold: 0.5
    drawMode: 0
    adaptiveTiling: 0
  m_AutoTiling: 0
  m_Points:
    m_Paths:
    - - {x: 0.2890625, y: 0.15625}
      - {x: 0.2890625, y: 0.2578125}
      - {x: 0.265625, y: 0.2890625}
      - {x: 0.1328125, y: 0.2890625}
      - {x: 0, y: 0.28125}
      - {x: -0.1328125, y: 0.171875}
      - {x: -0.2578125, y: 0.171875}
      - {x: -0.3359375, y: 0.1796875}
      - {x: -0.484375, y: 0.046875}
      - {x: -0.484375, y: -0.0703125}
      - {x: -0.328125, y: -0.21875}
      - {x: -0.15625, y: -0.2109375}
      - {x: -0.0078125, y: -0.296875}
      - {x: 0.1171875, y: -0.296875}
      - {x: 0.2421875, y: -0.2265625}
      - {x: 0.4921875, y: -0.09375}
      - {x: 0.4921875, y: 0.0390625}
      - {x: 0.3984375, y: 0.1015625}
--- !u!1 &8269638920778204737
GameObject:
  m_ObjectHideFlags: 0
  m_CorrespondingSourceObject: {fileID: 0}
  m_PrefabInstance: {fileID: 0}
  m_PrefabAsset: {fileID: 0}
  serializedVersion: 6
  m_Component:
  - component: {fileID: 6523112807708698665}
  - component: {fileID: 6027333822049578635}
  m_Layer: 0
  m_Name: Collider_3
  m_TagString: Untagged
  m_Icon: {fileID: 0}
  m_NavMeshLayer: 0
  m_StaticEditorFlags: 0
  m_IsActive: 0
--- !u!4 &6523112807708698665
Transform:
  m_ObjectHideFlags: 0
  m_CorrespondingSourceObject: {fileID: 0}
  m_PrefabInstance: {fileID: 0}
  m_PrefabAsset: {fileID: 0}
  m_GameObject: {fileID: 8269638920778204737}
  m_LocalRotation: {x: 0, y: 0, z: 0, w: 1}
  m_LocalPosition: {x: 0, y: 0, z: 0}
  m_LocalScale: {x: 1, y: 1, z: 1}
  m_Children: []
  m_Father: {fileID: 8748097263895725900}
  m_RootOrder: 4
  m_LocalEulerAnglesHint: {x: 0, y: 0, z: 0}
--- !u!60 &6027333822049578635
PolygonCollider2D:
  m_ObjectHideFlags: 0
  m_CorrespondingSourceObject: {fileID: 0}
  m_PrefabInstance: {fileID: 0}
  m_PrefabAsset: {fileID: 0}
  m_GameObject: {fileID: 8269638920778204737}
  m_Enabled: 1
  m_Density: 1
  m_Material: {fileID: 0}
  m_IsTrigger: 0
  m_UsedByEffector: 0
  m_UsedByComposite: 0
  m_Offset: {x: 0, y: 0}
  m_SpriteTilingProperty:
    border: {x: 0, y: 0, z: 0, w: 0}
    pivot: {x: 0.5, y: 0.5}
    oldSize: {x: 1, y: 1}
    newSize: {x: 0.2, y: 0.2}
    adaptiveTilingThreshold: 0.5
    drawMode: 0
    adaptiveTiling: 0
  m_AutoTiling: 0
  m_Points:
    m_Paths:
    - - {x: 0.4609375, y: 0.0546875}
      - {x: 0.4375, y: 0.09375}
      - {x: 0.3359375, y: 0.1796875}
      - {x: 0.328125, y: 0.2421875}
      - {x: 0.3046875, y: 0.265625}
      - {x: 0.109375, y: 0.265625}
      - {x: -0.1015625, y: 0.171875}
      - {x: -0.265625, y: 0.171875}
      - {x: -0.390625, y: 0.09375}
      - {x: -0.4609375, y: 0.046875}
      - {x: -0.4609375, y: -0.03125}
      - {x: -0.4453125, y: -0.09375}
      - {x: -0.2734375, y: -0.1875}
      - {x: -0.015625, y: -0.2734375}
      - {x: 0.1875, y: -0.2734375}
      - {x: 0.3828125, y: -0.1484375}
      - {x: 0.453125, y: -0.0703125}
      - {x: 0.4609375, y: -0.03125}
--- !u!1 &8748097263895725902
GameObject:
  m_ObjectHideFlags: 0
  m_CorrespondingSourceObject: {fileID: 0}
  m_PrefabInstance: {fileID: 0}
  m_PrefabAsset: {fileID: 0}
  serializedVersion: 6
  m_Component:
  - component: {fileID: 8748097263895725900}
  - component: {fileID: 8748097263895725891}
  - component: {fileID: 8748097263895725901}
  - component: {fileID: -8169906820459381030}
  m_Layer: 0
  m_Name: Fish
  m_TagString: Untagged
  m_Icon: {fileID: 0}
  m_NavMeshLayer: 0
  m_StaticEditorFlags: 0
  m_IsActive: 1
--- !u!4 &8748097263895725900
Transform:
  m_ObjectHideFlags: 0
  m_CorrespondingSourceObject: {fileID: 0}
  m_PrefabInstance: {fileID: 0}
  m_PrefabAsset: {fileID: 0}
  m_GameObject: {fileID: 8748097263895725902}
  m_LocalRotation: {x: 0, y: 0, z: 0, w: 1}
  m_LocalPosition: {x: 0, y: 0, z: 0}
  m_LocalScale: {x: 1, y: 1, z: 1}
  m_Children:
  - {fileID: 6104324182404888659}
  - {fileID: 8748097264751844093}
  - {fileID: 1741643079571874823}
  - {fileID: 2048805079402338118}
  - {fileID: 6523112807708698665}
  - {fileID: 5206975199158285063}
  - {fileID: 8094683232274121605}
  - {fileID: 1442576225188875785}
  m_Father: {fileID: 0}
  m_RootOrder: 0
  m_LocalEulerAnglesHint: {x: 0, y: 0, z: 0}
--- !u!114 &8748097263895725891
MonoBehaviour:
  m_ObjectHideFlags: 0
  m_CorrespondingSourceObject: {fileID: 0}
  m_PrefabInstance: {fileID: 0}
  m_PrefabAsset: {fileID: 0}
  m_GameObject: {fileID: 8748097263895725902}
  m_Enabled: 1
  m_EditorHideFlags: 0
  m_Script: {fileID: 11500000, guid: 377d3ca013959cd48b4a193e82e41604, type: 3}
  m_Name: 
  m_EditorClassIdentifier: 
  m_MoveSpeed: 2.5
  m_JumpForce: 6
  m_FishSkeleton: {fileID: 21300000, guid: a73a28b991bc7954bb19eddd2ab94dab, type: 3}
  m_TimeToBubbles: 2
  m_Bubbles: {fileID: 8855760835456110412}
  m_PopSound: {fileID: 8300000, guid: 6503c4c23d139264a93de84ee5d6ef7c, type: 3}
  m_DeathSound: {fileID: 8300000, guid: d808beebf1898fd468f0c573670e2f5a, type: 3}
  m_FishSkins:
  - {fileID: 21300000, guid: 2b08461628278df4196fff9ca2df6781, type: 3}
  - {fileID: 21300000, guid: d722d789964af3b438139f0db6622d2a, type: 3}
  - {fileID: 21300000, guid: 471a439c76c9d8246bba59f68ad66edf, type: 3}
  - {fileID: 21300000, guid: a454f6a67304a7a439b8c1f75ca77687, type: 3}
  - {fileID: 21300000, guid: f0837d63a85a4ff4c83c57c1b850dbdd, type: 3}
  - {fileID: 21300000, guid: a73a28b991bc7954bb19eddd2ab94dab, type: 3}
  m_SkeletonSkins:
  - {fileID: 21300000, guid: a73a28b991bc7954bb19eddd2ab94dab, type: 3}
  - {fileID: 21300000, guid: 9c1650235580c8e40a340088e1a1e9e0, type: 3}
  - {fileID: 21300000, guid: d7d8528e3afa470469a0341772911445, type: 3}
  - {fileID: 21300000, guid: bd05a578fe5016e489605e7add1cadac, type: 3}
  - {fileID: 21300000, guid: 807993c171e2b004d8186ad69895eaee, type: 3}
  - {fileID: 21300000, guid: 2b08461628278df4196fff9ca2df6781, type: 3}
  m_PolygonCollider2Ds:
  - {fileID: 1410370375191291222}
  - {fileID: 8717886306136600079}
  - {fileID: 2420067776846119272}
  - {fileID: 6027333822049578635}
  - {fileID: 8786548650443049847}
  - {fileID: 3525365642220636667}
--- !u!50 &8748097263895725901
Rigidbody2D:
  serializedVersion: 4
  m_ObjectHideFlags: 0
  m_CorrespondingSourceObject: {fileID: 0}
  m_PrefabInstance: {fileID: 0}
  m_PrefabAsset: {fileID: 0}
  m_GameObject: {fileID: 8748097263895725902}
  m_BodyType: 0
  m_Simulated: 1
  m_UseFullKinematicContacts: 0
  m_UseAutoMass: 0
  m_Mass: 1
  m_LinearDrag: 0
  m_AngularDrag: 0.05
  m_GravityScale: 1.35
  m_Material: {fileID: 0}
  m_Interpolate: 0
  m_SleepingMode: 1
  m_CollisionDetection: 0
  m_Constraints: 0
--- !u!82 &-8169906820459381030
AudioSource:
  m_ObjectHideFlags: 0
  m_CorrespondingSourceObject: {fileID: 0}
  m_PrefabInstance: {fileID: 0}
  m_PrefabAsset: {fileID: 0}
  m_GameObject: {fileID: 8748097263895725902}
  m_Enabled: 1
  serializedVersion: 4
  OutputAudioMixerGroup: {fileID: 24300002, guid: 026d283e33f426049863194d17a7111c,
    type: 2}
  m_audioClip: {fileID: 0}
  m_PlayOnAwake: 0
  m_Volume: 1
  m_Pitch: 1
  Loop: 0
  Mute: 0
  Spatialize: 0
  SpatializePostEffects: 0
  Priority: 128
  DopplerLevel: 1
  MinDistance: 1
  MaxDistance: 500
  Pan2D: 0
  rolloffMode: 0
  BypassEffects: 0
  BypassListenerEffects: 0
  BypassReverbZones: 0
  rolloffCustomCurve:
    serializedVersion: 2
    m_Curve:
    - serializedVersion: 3
      time: 0
      value: 1
      inSlope: 0
      outSlope: 0
      tangentMode: 0
      weightedMode: 0
      inWeight: 0.33333334
      outWeight: 0.33333334
    - serializedVersion: 3
      time: 1
      value: 0
      inSlope: 0
      outSlope: 0
      tangentMode: 0
      weightedMode: 0
      inWeight: 0.33333334
      outWeight: 0.33333334
    m_PreInfinity: 2
    m_PostInfinity: 2
    m_RotationOrder: 4
  panLevelCustomCurve:
    serializedVersion: 2
    m_Curve:
    - serializedVersion: 3
      time: 0
      value: 0
      inSlope: 0
      outSlope: 0
      tangentMode: 0
      weightedMode: 0
      inWeight: 0.33333334
      outWeight: 0.33333334
    m_PreInfinity: 2
    m_PostInfinity: 2
    m_RotationOrder: 4
  spreadCustomCurve:
    serializedVersion: 2
    m_Curve:
    - serializedVersion: 3
      time: 0
      value: 0
      inSlope: 0
      outSlope: 0
      tangentMode: 0
      weightedMode: 0
      inWeight: 0.33333334
      outWeight: 0.33333334
    m_PreInfinity: 2
    m_PostInfinity: 2
    m_RotationOrder: 4
  reverbZoneMixCustomCurve:
    serializedVersion: 2
    m_Curve:
    - serializedVersion: 3
      time: 0
      value: 1
      inSlope: 0
      outSlope: 0
      tangentMode: 0
      weightedMode: 0
      inWeight: 0.33333334
      outWeight: 0.33333334
    m_PreInfinity: 2
    m_PostInfinity: 2
    m_RotationOrder: 4
--- !u!1 &8748097264751844095
GameObject:
  m_ObjectHideFlags: 0
  m_CorrespondingSourceObject: {fileID: 0}
  m_PrefabInstance: {fileID: 0}
  m_PrefabAsset: {fileID: 0}
  serializedVersion: 6
  m_Component:
  - component: {fileID: 8748097264751844093}
  - component: {fileID: 1410370375191291222}
  m_Layer: 0
  m_Name: Collider_0
  m_TagString: Untagged
  m_Icon: {fileID: 0}
  m_NavMeshLayer: 0
  m_StaticEditorFlags: 0
  m_IsActive: 1
--- !u!4 &8748097264751844093
Transform:
  m_ObjectHideFlags: 0
  m_CorrespondingSourceObject: {fileID: 0}
  m_PrefabInstance: {fileID: 0}
  m_PrefabAsset: {fileID: 0}
  m_GameObject: {fileID: 8748097264751844095}
  m_LocalRotation: {x: 0, y: 0, z: 0, w: 1}
  m_LocalPosition: {x: 0, y: 0, z: 0}
  m_LocalScale: {x: 1, y: 1, z: 1}
  m_Children: []
  m_Father: {fileID: 8748097263895725900}
  m_RootOrder: 1
  m_LocalEulerAnglesHint: {x: 0, y: 0, z: 0}
--- !u!60 &1410370375191291222
PolygonCollider2D:
  m_ObjectHideFlags: 0
  m_CorrespondingSourceObject: {fileID: 0}
  m_PrefabInstance: {fileID: 0}
  m_PrefabAsset: {fileID: 0}
  m_GameObject: {fileID: 8748097264751844095}
  m_Enabled: 1
  m_Density: 1
  m_Material: {fileID: 0}
  m_IsTrigger: 0
  m_UsedByEffector: 0
  m_UsedByComposite: 0
  m_Offset: {x: 0, y: 0}
  m_SpriteTilingProperty:
    border: {x: 0, y: 0, z: 0, w: 0}
    pivot: {x: 0.5, y: 0.5}
    oldSize: {x: 1, y: 1}
    newSize: {x: 0.2, y: 0.2}
    adaptiveTilingThreshold: 0.5
    drawMode: 0
    adaptiveTiling: 0
  m_AutoTiling: 0
  m_Points:
    m_Paths:
    - - {x: 0.4765625, y: -0.125}
      - {x: 0.4765625, y: 0.09375}
      - {x: 0.4375, y: 0.2109375}
      - {x: 0.3515625, y: 0.265625}
      - {x: 0.3359375, y: 0.34375}
      - {x: 0.3203125, y: 0.3828125}
      - {x: 0.1328125, y: 0.3828125}
      - {x: 0.0546875, y: 0.375}
      - {x: -0.078125, y: 0.3046875}
      - {x: -0.1796875, y: 0.234375}
      - {x: -0.21875, y: 0.1953125}
      - {x: -0.3203125, y: 0.21875}
      - {x: -0.390625, y: 0.1484375}
      - {x: -0.46875, y: 0.046875}
      - {x: -0.4765625, y: 0.0078125}
      - {x: -0.4765625, y: -0.0859375}
      - {x: -0.390625, y: -0.1953125}
      - {x: -0.3203125, y: -0.28125}
      - {x: -0.1796875, y: -0.265625}
      - {x: -0.140625, y: -0.3359375}
      - {x: 0.03125, y: -0.3828125}
      - {x: 0.2734375, y: -0.3828125}
      - {x: 0.359375, y: -0.3359375}
      - {x: 0.4296875, y: -0.265625}
      - {x: 0.46875, y: -0.1953125}
--- !u!1 &8916323262299459097
GameObject:
  m_ObjectHideFlags: 0
  m_CorrespondingSourceObject: {fileID: 0}
  m_PrefabInstance: {fileID: 0}
  m_PrefabAsset: {fileID: 0}
  serializedVersion: 6
  m_Component:
  - component: {fileID: 8094683232274121605}
  - component: {fileID: 3525365642220636667}
  m_Layer: 0
  m_Name: Collider_5
  m_TagString: Untagged
  m_Icon: {fileID: 0}
  m_NavMeshLayer: 0
  m_StaticEditorFlags: 0
  m_IsActive: 0
--- !u!4 &8094683232274121605
Transform:
  m_ObjectHideFlags: 0
  m_CorrespondingSourceObject: {fileID: 0}
  m_PrefabInstance: {fileID: 0}
  m_PrefabAsset: {fileID: 0}
  m_GameObject: {fileID: 8916323262299459097}
  m_LocalRotation: {x: 0, y: 0, z: 0, w: 1}
  m_LocalPosition: {x: 0, y: 0, z: 0}
  m_LocalScale: {x: 1, y: 1, z: 1}
  m_Children: []
  m_Father: {fileID: 8748097263895725900}
  m_RootOrder: 6
  m_LocalEulerAnglesHint: {x: 0, y: 0, z: 0}
--- !u!60 &3525365642220636667
PolygonCollider2D:
  m_ObjectHideFlags: 0
  m_CorrespondingSourceObject: {fileID: 0}
  m_PrefabInstance: {fileID: 0}
  m_PrefabAsset: {fileID: 0}
  m_GameObject: {fileID: 8916323262299459097}
  m_Enabled: 1
  m_Density: 1
  m_Material: {fileID: 0}
  m_IsTrigger: 0
  m_UsedByEffector: 0
  m_UsedByComposite: 0
  m_Offset: {x: 0, y: 0}
  m_SpriteTilingProperty:
    border: {x: 0, y: 0, z: 0, w: 0}
    pivot: {x: 0.5, y: 0.5}
    oldSize: {x: 1, y: 1}
    newSize: {x: 0.2, y: 0.2}
    adaptiveTilingThreshold: 0.5
    drawMode: 0
    adaptiveTiling: 0
  m_AutoTiling: 0
  m_Points:
    m_Paths:
    - - {x: 0.4765625, y: 0.09375}
      - {x: 0.4375, y: 0.2109375}
      - {x: 0.3671875, y: 0.2734375}
      - {x: 0.3203125, y: 0.3828125}
      - {x: 0.1015625, y: 0.3828125}
      - {x: -0.15625, y: 0.2734375}
      - {x: -0.1875, y: 0.2109375}
      - {x: -0.3203125, y: 0.21875}
      - {x: -0.3984375, y: 0.1328125}
      - {x: -0.3984375, y: 0.125}
      - {x: -0.390625, y: 0.09375}
      - {x: -0.3984375, y: -0.078125}
      - {x: -0.3984375, y: -0.1953125}
      - {x: -0.3125, y: -0.265625}
      - {x: -0.2578125, y: -0.265625}
      - {x: -0.0234375, y: -0.2578125}
      - {x: 0, y: -0.2734375}
      - {x: 0.078125, y: -0.3203125}
      - {x: 0.125, y: -0.3046875}
      - {x: 0.15625, y: -0.28125}
      - {x: 0.2109375, y: -0.3203125}
      - {x: 0.359375, y: -0.3203125}
      - {x: 0.4296875, y: -0.265625}
      - {x: 0.46875, y: -0.1953125}
      - {x: 0.4765625, y: -0.125}
--- !u!1001 &5879383838281805997
PrefabInstance:
  m_ObjectHideFlags: 0
  serializedVersion: 2
  m_Modification:
    m_TransformParent: {fileID: 8748097263895725900}
    m_Modifications:
    - target: {fileID: 6455317748046959456, guid: af5afdbd30b6e5b47a733d7f1e77decf,
        type: 3}
      propertyPath: m_Name
      value: Bubbles
      objectReference: {fileID: 0}
    - target: {fileID: 5013292657900469924, guid: af5afdbd30b6e5b47a733d7f1e77decf,
        type: 3}
      propertyPath: m_LocalPosition.x
      value: 0.5
      objectReference: {fileID: 0}
    - target: {fileID: 5013292657900469924, guid: af5afdbd30b6e5b47a733d7f1e77decf,
        type: 3}
      propertyPath: m_LocalPosition.y
      value: 0
      objectReference: {fileID: 0}
    - target: {fileID: 5013292657900469924, guid: af5afdbd30b6e5b47a733d7f1e77decf,
        type: 3}
      propertyPath: m_LocalPosition.z
      value: 0
      objectReference: {fileID: 0}
    - target: {fileID: 5013292657900469924, guid: af5afdbd30b6e5b47a733d7f1e77decf,
        type: 3}
      propertyPath: m_LocalRotation.x
      value: -0.7071068
      objectReference: {fileID: 0}
    - target: {fileID: 5013292657900469924, guid: af5afdbd30b6e5b47a733d7f1e77decf,
        type: 3}
      propertyPath: m_LocalRotation.y
      value: 0
      objectReference: {fileID: 0}
    - target: {fileID: 5013292657900469924, guid: af5afdbd30b6e5b47a733d7f1e77decf,
        type: 3}
      propertyPath: m_LocalRotation.z
      value: 0
      objectReference: {fileID: 0}
    - target: {fileID: 5013292657900469924, guid: af5afdbd30b6e5b47a733d7f1e77decf,
        type: 3}
      propertyPath: m_LocalRotation.w
      value: 0.7071068
      objectReference: {fileID: 0}
    - target: {fileID: 5013292657900469924, guid: af5afdbd30b6e5b47a733d7f1e77decf,
        type: 3}
      propertyPath: m_RootOrder
      value: 7
      objectReference: {fileID: 0}
    - target: {fileID: 5013292657900469924, guid: af5afdbd30b6e5b47a733d7f1e77decf,
        type: 3}
      propertyPath: m_LocalEulerAnglesHint.x
      value: -90
      objectReference: {fileID: 0}
    - target: {fileID: 5013292657900469924, guid: af5afdbd30b6e5b47a733d7f1e77decf,
        type: 3}
      propertyPath: m_LocalEulerAnglesHint.y
      value: 0
      objectReference: {fileID: 0}
    - target: {fileID: 5013292657900469924, guid: af5afdbd30b6e5b47a733d7f1e77decf,
        type: 3}
      propertyPath: m_LocalEulerAnglesHint.z
      value: 0
      objectReference: {fileID: 0}
    m_RemovedComponents: []
  m_SourcePrefab: {fileID: 100100000, guid: af5afdbd30b6e5b47a733d7f1e77decf, type: 3}
--- !u!4 &1442576225188875785 stripped
Transform:
  m_CorrespondingSourceObject: {fileID: 5013292657900469924, guid: af5afdbd30b6e5b47a733d7f1e77decf,
    type: 3}
  m_PrefabInstance: {fileID: 5879383838281805997}
  m_PrefabAsset: {fileID: 0}
--- !u!198 &8855760835456110412 stripped
ParticleSystem:
  m_CorrespondingSourceObject: {fileID: 3130635042671837153, guid: af5afdbd30b6e5b47a733d7f1e77decf,
    type: 3}
  m_PrefabInstance: {fileID: 5879383838281805997}
  m_PrefabAsset: {fileID: 0}
